@TECHREPORT{IEC104,
   author = "Petr Matou\v{s}ek",
   title = "Description and analysis of IEC 104 Protocol",
   pages = 38,
   year = 2017,
   location = "FIT-TR-2017-12, Brno, CZ",
   publisher = "Faculty of Information Technology BUT",
   language = "english",
   url = "https://www.fit.vut.cz/research/publication/11570"
}

@INPROCEEDINGS{burgetova_anomaly,
   author = "Ivana Burgetov\'{a} and Petr Matou\v{s}ek and Ond\v{r}ej Ry\v{s}av\'{y}",
   title = "Anomaly Detection of ICS Communication Using Statistical Models",
   pages = "166--172",
   booktitle = "Proceedings of the 17th International Conference on Network Service Management (CNSM 2021)",
   year = 2021,
   location = "Izmir, TR",
   publisher = "Institute of Electrical and Electronics Engineers",
   ISBN = "978-3-903176-36-2",
   doi = "10.23919/CNSM52442.2021.9615510",
   language = "english",
   url = "https://www.fit.vut.cz/research/publication/12509"
}

@inproceedings{mai2019iec,
  title={IEC 60870-5-104 network characterization of a large-scale operational power grid},
  author={Mai, Kelvin and Qin, Xi and Silva, Neil Ortiz and Cardenas, Alvaro A},
  booktitle={2019 IEEE Security and Privacy Workshops (SPW)},
  pages={236--241},
  year={2019},
  organization={IEEE}
}
